<record><leader>00000cas a2200000 a 4500</leader><controlfield tag="001">15218396</controlfield><controlfield tag="008">870220d18811882iludn ne      0   a0eng c</controlfield><datafield ind1=" " ind2=" " tag="010"><subfield code="a">sn 87082238 </subfield></datafield><datafield ind1=" " ind2=" " tag="040"><subfield code="a">NPV</subfield><subfield code="b">eng</subfield><subfield code="c">NPV</subfield><subfield code="d">NPI</subfield><subfield code="d">NVF</subfield><subfield code="d">NYS</subfield><subfield code="d">NVF</subfield><subfield code="d">OCL</subfield><subfield code="d">NVF</subfield><subfield code="d">OCLCQ</subfield><subfield code="d">NVF</subfield><subfield code="d">OCLCQ</subfield><subfield code="d">OCLCF</subfield><subfield code="d">NVF</subfield><subfield code="d">DLC</subfield><subfield code="d">OCLCO</subfield></datafield><datafield ind1=" " ind2=" " tag="019"><subfield code="a">21128222</subfield></datafield><datafield ind1=" " ind2=" " tag="042"><subfield code="a">pcc</subfield></datafield><datafield ind1=" " ind2=" " tag="043"><subfield code="a">n-us-il</subfield></datafield><datafield ind1="0" ind2="0" tag="245"><subfield code="a">Daily Bloomington bulletin.</subfield></datafield><datafield ind1="1" ind2=" " tag="246"><subfield code="i">Published as:</subfield><subfield code="a">Bloomington bulletin</subfield><subfield code="f">daily Feb. 15-17, May 27, 1881, and on Sundays Apr. 10-Oct. 2, 1881 and Mar. 26-July 23, 1882</subfield></datafield><datafield ind1="1" ind2="7" tag="246"><subfield code="a">Sunday Bloomington bulletin</subfield></datafield><datafield ind1=" " ind2=" " tag="260"><subfield code="a">Bloomington, Ill. :</subfield><subfield code="b">John H. Oberly,</subfield><subfield code="c">1881-1882.</subfield></datafield><datafield ind1=" " ind2=" " tag="300"><subfield code="a">v.</subfield></datafield><datafield ind1=" " ind2=" " tag="310"><subfield code="a">Daily (except Monday)</subfield></datafield><datafield ind1="1" ind2=" " tag="362"><subfield code="a">Began Feb. 8, 1881.</subfield></datafield><datafield ind1="0" ind2=" " tag="362"><subfield code="a">-2nd year, no. 139 (July 23, 1882).</subfield></datafield><datafield ind1=" " ind2=" " tag="500"><subfield code="a">July 3, 1881 issue called also: "Special Bloomington Semi-centennial ed."</subfield></datafield><datafield ind1=" " ind2=" " tag="588"><subfield code="a">Description based on: Vol. 1, no. 2 (Feb. 9, 1881).</subfield></datafield><datafield ind1=" " ind2="0" tag="651"><subfield code="a">Bloomington (Ill.)</subfield><subfield code="v">Newspapers.</subfield></datafield><datafield ind1=" " ind2="7" tag="651"><subfield code="a">Illinois</subfield><subfield code="z">Bloomington.</subfield><subfield code="2">fast</subfield><subfield code="0">(OCoLC)fst01205022</subfield></datafield><datafield ind1=" " ind2="7" tag="655"><subfield code="a">Newspapers.</subfield><subfield code="2">fast</subfield><subfield code="0">(OCoLC)fst01423814</subfield></datafield><datafield ind1=" " ind2=" " tag="752"><subfield code="a">United States</subfield><subfield code="b">Illinois</subfield><subfield code="c">McLean</subfield><subfield code="d">Bloomington.</subfield></datafield><datafield ind1="0" ind2=" " tag="775"><subfield code="t">Bloomington bulletin (Bloomington, Ill. : Weekly)</subfield><subfield code="w">(DLC)sn 87082237</subfield><subfield code="w">(OCoLC)15218339</subfield></datafield><datafield ind1="0" ind2="0" tag="785"><subfield code="t">Bloomington bulletin (Bloomington, Ill. : 1882)</subfield><subfield code="w">(DLC)sn 90054457</subfield><subfield code="w">(OCoLC)21128991</subfield></datafield></record>